@article{low_mouse,
    doi = {10.1371/journal.pone.0154936},
    author = {Low, Lucie A. AND Bauer, Lucy C. AND Klaunberg, Brenda A.},
    journal = {PLOS ONE},
    publisher = {Public Library of Science},
    title = {Comparing the Effects of Isoflurane and Alpha Chloralose upon Mouse Physiology},
    year = {2016},
    month = {05},
    volume = {11},
    url = {https://doi.org/10.1371/journal.pone.0154936},
    pages = {1-14},
    number = {5}
}

@article{loyn1987effects,
  title={Effects of patch area and habitat on bird abundances, species numbers and tree health in fragmented Victorian forests},
  author={Loyn, RH},
  journal={DA Saunders, GW Arnold, A. A. Burbidge, and AJM Hopkins, eds Nature conservation: the role of remnants of native vegetation},
  pages={65--77},
  year={1987}
}

@article{christ,
author = {Christensen, David L. and Herwig, Brian R. and Schindler, Daniel E. and Carpenter, Stephen R.},
title = {Impacts of Lakeshore Residential Development on Coarse Woody Debris in North Temperate Lakes},
journal = {Ecological Applications},
volume = {6},
number = {4},
pages = {1143-1149},
doi = {https://doi.org/10.2307/2269598},
url = {https://esajournals.onlinelibrary.wiley.com/doi/abs/10.2307/2269598},
year = {1996}
}

@article{GIRI2016416,
title = {Dietary micronutrients and in vivo nâˆ’3 LC-PUFA biosynthesis in Atlantic salmon},
journal = {Aquaculture},
volume = {452},
pages = {416-425},
year = {2016},
issn = {0044-8486},
doi = {https://doi.org/10.1016/j.aquaculture.2015.05.022},
url = {https://www.sciencedirect.com/science/article/pii/S0044848615300132},
author = {Shiba S. Giri and Jeffrey Graham and Noor K.A. Hamid and John A. Donald and Giovanni M. Turchini},
}

@article{ercit,
    doi = {10.1371/journal.pone.0110298},
    author = {Ercit, Kyla AND Martinez-Novoa, Andrew AND Gwynne, Darryl T.},
    journal = {PLOS ONE},
    publisher = {Public Library of Science},
    title = {Egg Load Decreases Mobility and Increases Predation Risk in Female Black-Horned Tree Crickets (Oecanthus nigricornis)},
    year = {2014},
    month = {10},
    volume = {9},
    url = {https://doi.org/10.1371/journal.pone.0110298},
    pages = {1-6},
    number = {10},

}

